<record><leader>00000cas a2200000Ma 4500</leader><controlfield tag="001">10786770</controlfield><controlfield tag="008">840530d18211822mauwr ne      0    0eng d</controlfield><datafield ind1=" " ind2=" " tag="010"><subfield code="a">sn 84023177 </subfield></datafield><datafield ind1=" " ind2=" " tag="040"><subfield code="a">AQM</subfield><subfield code="b">eng</subfield><subfield code="c">AQM</subfield><subfield code="d">OCLCG</subfield><subfield code="d">OCLCQ</subfield></datafield><datafield ind1="0" ind2="4" tag="245"><subfield code="a">The Expositor &amp; philanthropist.</subfield></datafield><datafield ind1="1" ind2="3" tag="246"><subfield code="a">Expositor and philanthropist</subfield></datafield><datafield ind1=" " ind2=" " tag="260"><subfield code="a">Boston [Mass. :</subfield><subfield code="b">s.n.]</subfield></datafield><datafield ind1=" " ind2=" " tag="300"><subfield code="a">1 v.</subfield></datafield><datafield ind1=" " ind2=" " tag="310"><subfield code="a">Weekly</subfield></datafield><datafield ind1="1" ind2=" " tag="362"><subfield code="a">Began in 1821; ceased in 1822.</subfield></datafield><datafield ind1=" " ind2=" " tag="500"><subfield code="a">Editor: E. Cobb, 1821-1822.</subfield></datafield><datafield ind1=" " ind2=" " tag="500"><subfield code="a">Printer: E.G. House, 1821-1822.</subfield></datafield><datafield ind1=" " ind2=" " tag="588"><subfield code="a">Description based on: Vol. 1, no. 34 (Dec. 15, 1821).</subfield></datafield><datafield ind1=" " ind2="7" tag="655"><subfield code="a">Newspapers.</subfield><subfield code="2">rbgenr</subfield></datafield><datafield ind1="1" ind2=" " tag="700"><subfield code="a">Cobb, E.</subfield><subfield code="q">(Enos)</subfield></datafield><datafield ind1=" " ind2=" " tag="752"><subfield code="a">United States</subfield><subfield code="b">Massachusetts</subfield><subfield code="c">Suffolk</subfield><subfield code="d">Boston.</subfield></datafield><datafield ind1="0" ind2="0" tag="780"><subfield code="t">Expositor &amp; Boston philanthropist</subfield><subfield code="w">(DLC)sn 84023176</subfield></datafield><datafield ind1="0" ind2="0" tag="785"><subfield code="t">Philanthropist &amp; city advocate</subfield></datafield><datafield ind1="1" ind2=" " tag="029"><subfield code="a">AU@</subfield><subfield code="b">000025820887</subfield></datafield></record>